% Encoding: UTF-8

@Article{Webster2002,
  author    = {Webster, Jane and Watson, Richard T},
  title     = {Analyzing the past to prepare for the future: Writing a literature review},
  journal   = {MIS Quarterly},
  year      = {2002},
  pages     = {xiii--xxiii},
  publisher = {JSTOR},
}

@Comment{jabref-meta: databaseType:bibtex;}
